<record><leader>00000cas a2200000 a 4500</leader><controlfield tag="001">658221021</controlfield><controlfield tag="008">100826d19051920oruwr ne      0    0eng c</controlfield><datafield ind1=" " ind2=" " tag="010"><subfield code="a">  2010260129</subfield></datafield><datafield ind1=" " ind2=" " tag="040"><subfield code="a">ORU</subfield><subfield code="b">eng</subfield><subfield code="c">ORU</subfield><subfield code="d">ORU</subfield><subfield code="d">OCLCF</subfield><subfield code="d">OCLCO</subfield></datafield><datafield ind1=" " ind2=" " tag="042"><subfield code="a">pcc</subfield></datafield><datafield ind1=" " ind2=" " tag="043"><subfield code="a">n-us-or</subfield></datafield><datafield ind1="0" ind2="0" tag="245"><subfield code="a">Umpqua Valley news.</subfield></datafield><datafield ind1=" " ind2=" " tag="260"><subfield code="a">Roseburg, Or. :</subfield><subfield code="b">W. E. Willis,</subfield><subfield code="c">1905-1920.</subfield></datafield><datafield ind1=" " ind2=" " tag="300"><subfield code="a">v.</subfield></datafield><datafield ind1=" " ind2=" " tag="310"><subfield code="a">Weekly,</subfield><subfield code="b">July 12, 1917-</subfield></datafield><datafield ind1=" " ind2=" " tag="321"><subfield code="a">Semiweekly,</subfield><subfield code="b">Dec. 4, 1905-July 5, 1917</subfield></datafield><datafield ind1="1" ind2=" " tag="362"><subfield code="a">Began with Vol. 37, No. 97 (Dec. 4, 1905); ceased with [new ser.], Vol. 4, No. 13 (April 1, 1920).</subfield></datafield><datafield ind1=" " ind2=" " tag="500"><subfield code="a">Imprint varies.</subfield></datafield><datafield ind1=" " ind2=" " tag="515"><subfield code="a">Volume numbering restarts with issue for July 12, 1917.  [New ser.], v. 1-[new ser.], v. 4 also called S.W. v. 49-S.W. v. 50.</subfield></datafield><datafield ind1=" " ind2=" " tag="525"><subfield code="a">Supplements accompany some issues.</subfield></datafield><datafield ind1=" " ind2=" " tag="530"><subfield code="a">Also available on microfilm from University of Oregon.</subfield></datafield><datafield ind1=" " ind2=" " tag="580"><subfield code="a">Daily ed.: Evening news (Roseburg, Or.)</subfield></datafield><datafield ind1=" " ind2=" " tag="580"><subfield code="a">Merged with: Roseburg review (Roseburg, Or.); to form: Roseburg news-review (Roseburg, Or. : Weekly)</subfield></datafield><datafield ind1=" " ind2=" " tag="588"><subfield code="a">Description based on: Vol. 37, No. 97 (Dec. 4, 1905); title from masthead.</subfield></datafield><datafield ind1=" " ind2=" " tag="588"><subfield code="a">Latest issue consulted: [new ser.], Vol. 4, No. 13 (April 1, 1920).</subfield></datafield><datafield ind1=" " ind2="0" tag="651"><subfield code="a">Roseburg (Or.)</subfield><subfield code="v">Newspapers.</subfield></datafield><datafield ind1=" " ind2="0" tag="651"><subfield code="a">Douglas County (Or.)</subfield><subfield code="v">Newspapers.</subfield></datafield><datafield ind1=" " ind2="7" tag="655"><subfield code="a">Newspapers.</subfield><subfield code="2">fast</subfield><subfield code="0">(OCoLC)fst01423814</subfield></datafield><datafield ind1=" " ind2="7" tag="651"><subfield code="a">Oregon</subfield><subfield code="z">Douglas County.</subfield><subfield code="2">fast</subfield><subfield code="0">(OCoLC)fst01222154</subfield></datafield><datafield ind1=" " ind2="7" tag="651"><subfield code="a">Oregon</subfield><subfield code="z">Roseburg.</subfield><subfield code="2">fast</subfield><subfield code="0">(OCoLC)fst01218087</subfield></datafield><datafield ind1=" " ind2=" " tag="752"><subfield code="a">United States</subfield><subfield code="b">Oregon</subfield><subfield code="c">Douglas</subfield><subfield code="d">Roseburg.</subfield></datafield><datafield ind1="1" ind2=" " tag="775"><subfield code="t">Evening news (Roseburg, Or.)</subfield><subfield code="w">(DLC)  2003260223</subfield><subfield code="w">(OCoLC)52484055</subfield></datafield><datafield ind1="0" ind2="0" tag="780"><subfield code="t">Twice-a-week Roseburg plaindealer</subfield><subfield code="w">(DLC)  2010260130</subfield><subfield code="w">(OCoLC)659780824</subfield></datafield><datafield ind1="1" ind2="7" tag="785"><subfield code="t">Roseburg review (Roseburg, Or.)</subfield><subfield code="w">(DLC)sn 93051663</subfield><subfield code="w">(OCoLC)30326645</subfield></datafield><datafield ind1="1" ind2="7" tag="785"><subfield code="t">Roseburg news-review (Roseburg, Or. : Weekly)</subfield><subfield code="w">(DLC)  2003260228</subfield><subfield code="w">(OCoLC)52498570</subfield></datafield></record>